@article{Rosenblatt:1958:Perceptron,
    title={The perceptron: a probabilistic model for information storage and organization in the brain.},
    author={Frank Rosenblatt},
    journal={Psychological review},
    volume={65},
    number={6},
    pages={386},
    year={1958},
    doi={10.1037/h0042519},
    publisher={American Psychological Association}
}

@article{McCulloch:1943:Logical,
    title={A logical calculus of the ideas immanent in nervous activity},
    author={McCulloch, Warren S and Pitts, Walter},
    journal={The bulletin of mathematical biophysics},
    volume={5},
    number={4},
    pages={115--133},
    year={1943},
    doi={10.1007/BF02478259},
    publisher={Springer}
}

@book{Hebb:1949:Organization,
    title={The organization of behavior},
    author={Hebb, Donald O},
    year={1949},
    publisher={John Wiley \& Sons, Inc.}
}

%@article{Farley:1954:Simulation,
%    title={Simulation of self-organizing systems by digital computer},
%    author={Farley, BWAC and Clark, W},
%    journal={Transactions of the IRE Professional Group on Information Theory},
%    volume={4},
%    number={4},
%    pages={76--84},
%    year={1954},
%}

@article{Farley:1954:Simulation,
    title={Simulation of self-organizing systems by digital computer},
    author={B. {Farley} and W. {Clark}},
    journal={Transactions of the IRE Professional Group on Information Theory},
    publisher={IEEE},
    year={1954},
    volume={4},
    number={4},
    pages={76-84},
    keywords={Computational modeling;Computer simulation;Time measurement;Laboratories;Information systems;Mechanical factors;Organizing;Transforms;TV;Contracts},
    doi={10.1109/TIT.1954.1057468},
    ISSN={2168-2704},
    month={Sep.}
}

@article{Kelley:1960:Gradient,
    title={Gradient theory of optimal flight paths},
    author={Kelley, Henry J},
    journal={Ars Journal},
    volume={30},
    number={10},
    pages={947--954},
    year={1960}
}

@online{vanRossum:1996:Foreword,
    title={Foreword for ``Programming Python'' (1st ed.)},
    author={Guido van Rossum},
    year={1996},
    url={https://www.python.org/doc/essays/foreword/},
    urldate={2020-02-07}
}
